<?xml version="1.0" encoding="UTF-8"?><collection xmlns="http://www.loc.gov/MARC21/slim"><record><leader>00412nam--2200133-i-4500</leader><controlfield tag="001">000020593</controlfield><controlfield tag="002">20161230</controlfield><controlfield tag="005">20161230201033</controlfield><controlfield tag="008">060222s1000------------r-----000-0-eng-d</controlfield><datafield ind1=" " ind2=" " tag="080"><subfield code="a">539.23(043)</subfield></datafield><datafield ind1=" " ind2=" " tag="100"><subfield code="a">Marin Alexe</subfield></datafield><datafield ind1=" " ind2=" " tag="245"><subfield code="a">Realizarea si caracterizarea structurilor subtiri cu proprietati feroelectrice pentru aplicatii in detectia in infrarosu teza</subfield></datafield><datafield ind1=" " ind2=" " tag="260"><subfield code="a">Bucuresti, Ifa, 1995 171 P</subfield></datafield><datafield ind1=" " ind2=" " tag="852"><subfield code="a">80472</subfield></datafield></record></collection>